@Book{Coover2002,
  author = {Coover, Robert},
  title = {The Adventures of Lucky Pierre},
  subtitle = {Director's Cut},
  publisher = "Grove Press",
  Address = {New York},
  year = 2002,
}

@book{Wallace1996,
  author = {David Foster Wallace},
  title = {Infinite Jest},
  publisher = "Little, Brown",
  address = "New York",
  year = 1996,
}

@shortstories{Wallace2004,
  author = {David Foster Wallace},
  title = {Oblivion},
  publisher = "Little, Brown",
  address = "New York",
  year = 2004,
}  

@incollection{Gaddis1994,
  author = {Gaddis, William},
  title = {Old Foes with New Faces},
  year = 1994,
  crossref = {Gass2000},
}

@book{Gass2000,
  editor = {Gass, William H. and Lorin Cuoco},
  title = {The Writer and Religion},
  publisher = {Southern Illinois University Press},
  address = {Carbondale},
  year = 2000,
}