%% -*-bibtex-*-
@STRING{beiprogramm	= {{\TeX}-Beiprogramm} }
@STRING{bretter		= {Bretter, die die Welt bedeuten} }
@STRING{dtk		= {{D}ie {\TeX}nische {K}om{\"o}die} }
@STRING{editorial	= {Editorial} }
@STRING{fremdebuehne	= {Von fremden B{\"u}hnen} }
@STRING{fundus		= {Aus dem Fundus} }
@STRING{hinterbuehne	= {Hinter der B{\"u}hne} }
@STRING{leserbrief	= {Leserbrief(e)} }
@STRING{magazin		= {Magazin} }
@STRING{rezension	= {Rezensionen} }
@STRING{schonimmer	= {Was Sie schon immer {\"u}ber {\TeX} wissen wollten
			  \dots} }
@STRING{theaterkasse	= {Von der Theaterkasse} }
@STRING{theatertage	= {{\TeX}-Theatertage} }

@Article{	  dtk02.1:voss:mathematischen,
  author	= {Herbert Vo{\ss}},
  title		= {Die mathematischen Funktionen von Postscript},
  journal	= dtk,
  year		= 2002,
  volume	= {1/02},
  altvolume	= 1,
  altnumber	= 14,
  month		= mar,
  pages		= {},
  annote	= bretter,
  keywords	= {},
  abstract	= { \PS, faktisch genauso alt wie {\TeX}, ist im
		  Verh{\"a}ltnis dazu allgemein noch weniger bekannt, wenn es
		  darum geht zu beurteilen, was es denn nun im eigentlichen
		  Sinne ist. Au{\ss}erdem wird h{\"a}ufig vergessen, dass
		  sich mit den \PS-Funktionen viele Dinge erledigen lassen,
		  bei denen sonst auf externe Programme zur{\"u}ckgegriffen
		  wird. Dies wird im Folgenden f{\"u}r die mathematischen
		  Funktionen im Zusammenhang mit dem Paket \texttt{pst-plot}
		  gezeigt. }
}

@Book{		  companion,
  author	= {Michel Goosens and Frank Mittelbach and Alexander
		  Samarin},
  title		= {The {\LaTeX} Graphics Companion},
  publisher	= {Addison-Wesley Publishing Company},
  year		= {1997},
  address	= {Reading, Mass.}
}

@Article{	  girou:01:,
  author	= {Denis Girou},
  title		= {Pr\'esentation de PSTricks},
  journal	= {Cahier GUTenberg},
  year		= 1994,
  volume	= {16},
  month		= apr,
  pages		= {21-70}
}

@Article{	  girou:02:,
  author	= {Timothy van Zandt and Denis Girou},
  title		= {Inside PSTricks},
  journal	= TUGboat,
  year		= 1994,
  volume	= {15},
  month		= sep,
  pages		= {239-246}
}

@Book{PostScript,
  Author         = {Kollock, Nikolai G.},
  Title          = {PostScript richtig eingesetzt: vom Konzept zum
                   praktischen Einsatz},
  Publisher      = {IWT},
  Address        = {Vaterstetten},
  year           = 1989,
}

@Manual{pstricks,
  Title          = {PSTricks - {\PS} macros for Generic TeX},
  Author         = {Timothy van Zandt},
  Organization   = {},
  Address        = {http://www.tug.org/application/PSTricks},
  Note           = {},
  year           = 1993
}

